% References

@misc{Wikipedia,
	title ={{RLC Circuit} Wikipedia Page},
	howpublished = {\url{https://en.wikipedia.org/wiki/RLC_circuit}},
	}

@misc{AllAbtCirc,
	title = {{All About Circuits: Chapter 6 - Resonance}},
	howpublished = {\url{http://www.allaboutcircuits.com/textbook/alternating-current/chpt-6/parallel-tank-circuit-resonance/}}
	}
	
@misc{ElecTut,
	title = {{Simple Resonance Circuit, Electronics Tutorials}},
	howpublished = {\url{http://www.electronics-tutorials.ws/accircuits/series-resonance.html}}
	}
